@misc{spacyDependencyParsing,
  title = "Linguistic Features - spaCy Usage Documentation",
  author = "ExplosionAI",
  howpublished = "\url{https://spacy.io/usage/linguistic-features#dependency-parse}",
  year = "2019",
  note = "letzter Zugriff: 12.01.2019"
}
@misc{thesislatex,
  title = "Bachelorarbeit, Masterarbeit und Dissertation mit einer LaTeX-Vorlage schreiben",
  author = "Martin Bretschneider",
  howpublished = "\url{http://www.bretschneidernet.de/tips/thesislatex.html}",
  year = "2006",
  note = "letzter Zugriff: 25.2.2017"
}
